<?xml version="1.0" encoding="UTF-8"?><collection xmlns="http://www.loc.gov/MARC21/slim"><record><leader>00594nam--2200193-i-4500</leader><controlfield tag="001">000008205</controlfield><controlfield tag="002">20161230</controlfield><controlfield tag="005">20161230201027</controlfield><controlfield tag="008">060222s1000------------r-----000-0-eng-d</controlfield><datafield ind1=" " ind2=" " tag="040"><subfield code="a">IFIN-HH</subfield></datafield><datafield ind1=" " ind2=" " tag="080"><subfield code="a">53(075.8):53(075.8):537(075.8):530.1(075.8)</subfield></datafield><datafield ind1="1" ind2=" " tag="100"><subfield code="a">Kittel, Charles</subfield></datafield><datafield ind1="1" ind2="0" tag="245"><subfield code="a">Berkeley physics course vol.1: mechanics</subfield><subfield code="c">Charles kittel, walter d. knight, malvin a. ruderman</subfield></datafield><datafield ind1=" " ind2=" " tag="260"><subfield code="a">New York</subfield><subfield code="b">Mcgraw-hill Book Co</subfield><subfield code="c">1965</subfield></datafield><datafield ind1=" " ind2=" " tag="300"><subfield code="a">XVIII+480P</subfield></datafield><datafield ind1=" " ind2=" " tag="490"><subfield code="a">Berkeley Physics Course</subfield></datafield><datafield ind1="1" ind2=" " tag="700"><subfield code="a">Ruderman, Malvin A</subfield></datafield><datafield ind1=" " ind2=" " tag="852"><subfield code="a">23807</subfield><subfield code="c">53</subfield></datafield><datafield ind1=" " ind2=" " tag="CAT"><subfield code="a">Sys</subfield><subfield code="c">20150218</subfield><subfield code="h">122637</subfield></datafield></record></collection>